<record xmlns="http://www.loc.gov/MARC21/slim" xmlns:xsi="http://www.w3.org/2001/XMLSchema-instance" xsi:schemaLocation="http://www.loc.gov/MARC21/slim http://www.loc.gov/standards/marcxml/schema/MARC21slim.xsd">

  <leader>00966nam a2200277Ia 4500</leader>
  <datafield tag="999" ind2=" " ind1=" ">
    <subfield code="c">1340</subfield>
    <subfield code="d">1340</subfield>
  </datafield>
  <controlfield tag="008">170208b2012    cr ||||| |||| 00| | spa d</controlfield>
  <datafield tag="090" ind2=" " ind1=" ">
    <subfield code="a">05.03.03 </subfield>
    <subfield code="b">1477</subfield>
  </datafield>
  <datafield ind1="1" tag="100" ind2=" ">
    <subfield code="a">González Villanueva, Gustavo </subfield>
    <subfield code="9">2411</subfield>
  </datafield>
  <datafield tag="245" ind2="0" ind1="1">
    <subfield code="a">Escritores latinoamericanos. Estudio y comentarios: leo-pienso-opino / </subfield>
    <subfield code="c">Gustavo González Villanueva</subfield>
  </datafield>
  <datafield ind1=" " ind2=" " tag="260">
    <subfield code="a">San José, Costa Rica : </subfield>
    <subfield code="b">Promesa, </subfield>
    <subfield code="c">2012</subfield>
  </datafield>
  <datafield tag="300" ind2=" " ind1=" ">
    <subfield code="a">118 páginas</subfield>
  </datafield>
  <datafield tag="490" ind2=" " ind1=" ">
    <subfield code="a">Escritores Latinoamericanos, Vol.18</subfield>
  </datafield>
  <datafield ind1=" " tag="505" ind2=" ">
    <subfield code="t">Lugar llamado Kindberg /</subfield>
    <subfield code="r">Julio Cortázar</subfield>
  </datafield>
  <datafield tag="505" ind2=" " ind1=" ">
    <subfield code="t">La habitada /</subfield>
    <subfield code="r">Carmen Gándara</subfield>
  </datafield>
  <datafield ind1=" " tag="505" ind2=" ">
    <subfield code="t">Finisterre /</subfield>
    <subfield code="r">María Rosa Lojo</subfield>
  </datafield>
  <datafield ind2="4" tag="600" ind1="1">
    <subfield code="9">2427</subfield>
    <subfield code="a">CORTÁZAR, JULIO</subfield>
  </datafield>
  <datafield ind1="1" tag="600" ind2="4">
    <subfield code="9">2439</subfield>
    <subfield code="a">GÁNDARA, CARMEN</subfield>
  </datafield>
  <datafield tag="600" ind2="4" ind1="1">
    <subfield code="9">2442</subfield>
    <subfield code="a">LOJO, MARIA ROSA</subfield>
  </datafield>
  <datafield ind2="4" tag="650" ind1="1">
    <subfield code="a">LITERATURA </subfield>
    <subfield code="9">655</subfield>
  </datafield>
  <datafield ind2="4" tag="650" ind1="1">
    <subfield code="a">AUTORES</subfield>
    <subfield code="9">2412</subfield>
  </datafield>
  <datafield ind2="4" tag="651" ind1=" ">
    <subfield code="a">AMÉRICA LATINA</subfield>
    <subfield code="9">273</subfield>
  </datafield>
  <datafield ind1="1" tag="700" ind2=" ">
    <subfield code="9">1335</subfield>
    <subfield code="a">Castro Lee, Cecilia</subfield>
  </datafield>
  <datafield ind1="1" tag="700" ind2=" ">
    <subfield code="9">1253</subfield>
    <subfield code="a">Viñuela, Cristina</subfield>
  </datafield>
  <datafield tag="700" ind2=" " ind1="1">
    <subfield code="9">1332</subfield>
    <subfield code="a">Varela, Fabiana Inés</subfield>
  </datafield>
  <datafield ind1=" " tag="942" ind2=" ">
    <subfield code="2">z</subfield>
    <subfield code="c">01</subfield>
  </datafield>
</record>